<?xml version="1.0" encoding="UTF-8"?><collection xmlns="http://www.loc.gov/MARC21/slim"><record><leader>00466nam--2200145-i-4500</leader><controlfield tag="001">000022125</controlfield><controlfield tag="002">20161230</controlfield><controlfield tag="005">20161230201034</controlfield><controlfield tag="008">060222s1000------------r-----000-0-eng-d</controlfield><datafield ind1=" " ind2=" " tag="080"><subfield code="a">546</subfield></datafield><datafield ind1=" " ind2=" " tag="100"><subfield code="a">Hakoila, Erkki</subfield></datafield><datafield ind1=" " ind2=" " tag="245"><subfield code="a">The thermal decomposition of the peroxydisulphate ions in aqueous solutions</subfield></datafield><datafield ind1=" " ind2=" " tag="260"><subfield code="a">Turku, Turun Yliopiston Julkaisuja, 1963. 51 P</subfield></datafield><datafield ind1=" " ind2=" " tag="490"><subfield code="a">Annales Univ.Purkuensis Series A: Astronimica Chemica-physica-mathematica</subfield></datafield><datafield ind1=" " ind2=" " tag="852"><subfield code="a">6366</subfield></datafield></record></collection>